<?xml version="1.0" encoding="UTF-8"?><collection xmlns="http://www.loc.gov/MARC21/slim"><record><leader>00618nam--2200229-u-4500</leader><controlfield tag="001">000050399</controlfield><controlfield tag="002">20161230</controlfield><controlfield tag="003">81710</controlfield><controlfield tag="005">20161230201048</controlfield><controlfield tag="008">070227s1000------------r-----000-0-eng-d</controlfield><datafield ind1=" " ind2=" " tag="020"><subfield code="a">981-238-182-1</subfield></datafield><datafield ind1=" " ind2=" " tag="040"><subfield code="a">IFIN-HH</subfield></datafield><datafield ind1=" " ind2=" " tag="041"><subfield code="a">eng</subfield></datafield><datafield ind1=" " ind2=" " tag="080"><subfield code="a">530.1:140.8:530.145</subfield></datafield><datafield ind1="1" ind2=" " tag="100"><subfield code="a">Kuhlmann, M</subfield></datafield><datafield ind1="1" ind2="0" tag="245"><subfield code="a">Ontological Aspects of Quantum Field Theory</subfield><subfield code="c">Meinard Kuhlmann; holger Lyre; Andrew Wayne (Eds.)</subfield></datafield><datafield ind1=" " ind2=" " tag="260"><subfield code="a">New Jersey</subfield><subfield code="b">World Scientific</subfield><subfield code="c">2002</subfield></datafield><datafield ind1=" " ind2=" " tag="300"><subfield code="a">362 p</subfield></datafield><datafield ind1=" " ind2="4" tag="650"><subfield code="a">Quantum field theory</subfield></datafield><datafield ind1="1" ind2=" " tag="700"><subfield code="a">Wayne, A</subfield><subfield code="e">ed</subfield></datafield><datafield ind1=" " ind2=" " tag="852"><subfield code="c">530.145</subfield></datafield><datafield ind1=" " ind2=" " tag="CAT"><subfield code="a">Sys</subfield><subfield code="c">20110404</subfield><subfield code="h">131412</subfield></datafield></record></collection>